@article{prev_ftop_analysis,
   title={Evidence for four-top quark production in proton-proton collisions at $\sqrt{s}=13$ TeV },
   volume={844},
   ISSN={0370-2693},
   url={http://dx.doi.org/10.1016/j.physletb.2023.138076},
   DOI={10.1016/j.physletb.2023.138076},
   journal={Physics Letters B},
   publisher={Elsevier BV},
   author={CMS Collaboration},
   year={2023},
   month=sep, pages={138076} }

@article{topphilic,
   title={Probing TeV scale top-philic resonances with boosted top-tagging at the high luminosity LHC},
   volume={94},
   ISSN={2470-0029},
   url={http://dx.doi.org/10.1103/PhysRevD.94.035023},
   DOI={10.1103/physrevd.94.035023},
   number={3},
   journal={Physical Review D},
   publisher={American Physical Society (APS)},
   author={Kim, Jeong Han and Kong, Kyoungchul and Lee, Seung J. and Mohlabeng, Gopolang},
   year={2016},
   month=aug }

@misc{ftop_xsec,
      title={Threshold resummation for the production of four top quarks at the LHC}, 
      author={Melissa van Beekveld and Anna Kulesza and Laura Moreno Valero},
      year={2022},
      eprint={2212.03259},
      archivePrefix={arXiv},
      primaryClass={hep-ph},
      url={https://arxiv.org/abs/2212.03259}, 
}

@misc{abcdnn_original,
      title={Data-driven Estimation of Background Distribution through Neural Autoregressive Flows}, 
      author={Suyong Choi and Jaehoon Lim and Hayoung Oh},
      year={2020},
      eprint={2008.03636},
      archivePrefix={arXiv},
      primaryClass={hep-ph},
      url={https://arxiv.org/abs/2008.03636}, 
}

@article{tth,
   title={Observation of ttH Production},
   volume={120},
   ISSN={1079-7114},
   url={http://dx.doi.org/10.1103/PhysRevLett.120.231801},
   DOI={10.1103/physrevlett.120.231801},
   number={23},
   journal={Physical Review Letters},
   publisher={American Physical Society (APS)},
   author={CMS Collaboration},
   year={2018},
   month=jun }
